@article{bitzer2014perceptual,
  title={Perceptual decision making: drift-diffusion model is equivalent to a Bayesian model},
  author={Bitzer, Sebastian and Park, Hame and Blankenburg, Felix and Kiebel, Stefan J},
  journal={Frontiers in human neuroscience},
  volume={8},
  year={2014},
  publisher={Frontiers Media SA}
}
